<record><leader>00000cas a22000007a 4500</leader><controlfield tag="001">20323203</controlfield><controlfield tag="008">890911d1893189umouwr ne      0    0eng d</controlfield><datafield ind1=" " ind2=" " tag="010"><subfield code="a">sn 89067260 </subfield></datafield><datafield ind1=" " ind2=" " tag="040"><subfield code="a">MQN</subfield><subfield code="b">eng</subfield><subfield code="c">MQN</subfield><subfield code="d">OCLCQ</subfield></datafield><datafield ind1=" " ind2=" " tag="042"><subfield code="a">msc</subfield></datafield><datafield ind1="0" ind2="0" tag="245"><subfield code="a">Joplin weekly herald.</subfield></datafield><datafield ind1=" " ind2=" " tag="260"><subfield code="a">Joplin, Mo. :</subfield><subfield code="b">Herald Print. Co.,</subfield><subfield code="c">1893-</subfield></datafield><datafield ind1=" " ind2=" " tag="300"><subfield code="a">v.</subfield></datafield><datafield ind1=" " ind2=" " tag="310"><subfield code="a">Weekly</subfield></datafield><datafield ind1="0" ind2=" " tag="362"><subfield code="a">Vol. 17, no. 6 (Feb. 6, 1893)-</subfield></datafield><datafield ind1=" " ind2="4" tag="651"><subfield code="a">Joplin (Mo.)</subfield><subfield code="v">Newspapers.</subfield></datafield><datafield ind1=" " ind2=" " tag="752"><subfield code="a">United States</subfield><subfield code="b">Missouri</subfield><subfield code="c">Jasper</subfield><subfield code="d">Joplin.</subfield></datafield><datafield ind1="0" ind2=" " tag="775"><subfield code="t">Joplin morning herald</subfield><subfield code="w">(DLC)sn 89067256</subfield></datafield><datafield ind1="0" ind2="0" tag="780"><subfield code="t">Joplin Sunday herald (Joplin, Mo. : 1889)</subfield><subfield code="w">(DLC)sn 89067259</subfield></datafield><datafield ind1="1" ind2=" " tag="029"><subfield code="a">AU@</subfield><subfield code="b">000020621735</subfield></datafield></record>